@misc{JazzSite,
	Author = {{IBM}},
	Date-Added = {2010-09-15 11:58:09 +0200},
	Date-Modified = {2010-09-15 11:58:09 +0200},
	Howpublished = {{\footnotesize \verb|https://jazz.net/|}},
	Key = {JazzSite},
	Title = {Home Page},
	Url = {https://jazz.net/},
	Urldate = 2011,
	Year = {2011},
	Bdsk-Url-1 = {https://jazz.net/}}

@article{NaMoRoma2010,
	Author = {Natali, Antonio and Molesini, Ambra},
	Issn = {2070-3740},
	Journal = {World Academy of Science, Engineering and Technology},
	Month = apr,
	Note = {International Conference on Software Engineering and Technology (ICSET 2010), 28--30~} # apr # {~2010, Rome, Italy. Proceedings},
	Pages = {69--80},
	Publisher = {Academic Science Research},
	Title = {Towards Model-driven Communications},
	Pdf-Url = {http://www.waset.org/journals/waset/v64/v64-13.pdf},
	Volume = 64,
	Year = 2010}

@book{Cockburn00,
  title = {Writing Effective Use Cases},
  author = {Cockburn, Alistair },
  year = {2000},
  publisher = {Addison Wesley}
}

@book{natMol09,
  title = {Costruire sistemi software: dai modelli al codice},
  author = {Natali,Antonio AND Molesini, Ambra},
  year = {2009},
  publisher = {Esculapio}
}
@misc{emf,
	Author = {EMF},
	Howpublished = {\\http://www.eclipse.org/modeling/emf/},
	Key = {EMF},
	Title = {{EMF} Home Page},
	Bdsk-Url-1 = {http://www.eclipse.org/modeling/emf/}
}

@misc{xtext,
	Author = {Xtext},
	Howpublished = {\\http://www.eclipse.org/Xtext/},
	Key = {Xtext},
	Title = {{Xtext} Home Page},
	Bdsk-Url-1 = {http://www.eclipse.org/Xtext/}
}

@misc{LB2,
	Author = {Bettini, Lorenzo},
	Howpublished = {\\http:/www.rcp-vision.com/?p=1640/},
	Key = {Xtext},
	Title = {Xtext 2.1: using Xbase expressions},
	Bdsk-Url-1 = {http://www.rcp-vision.com/?p=1640/}
}

@article{HarelRumpe04,
	Author = {Harel, David and Rumpe, Bernhard},
	Issn = {},
	Journal = {Computer},
	Month = October,
	Pages = {64--72},
	Publisher = {IEEE Computer Society},
	Title = {Meaningful Modeling: What's the Semantics of ''Semantics''?},
	Pdf-Url = {},
	Volume = 64,
	Year = 2004}

@book{Posa4,
 author = {Buschmann, Frank and Henney, Kevlin and Schmidt, Douglas C. },
 title = {Pattern-Oriented Software Architecture: A Pattern Language for Distributed Computing},
 volume = {4},
 year = {2007},
 isbn = {13: 978-0-470-05902-9},
 publisher = {John Wiley \& Sons}
 }

@book{Posa5,
 author = {Buschmann, Frank and Henney, Kevlin and Schmidt, Douglas C. },
 title = {Pattern-Oriented Software Architecture: On Patterns and Pattern Languages},
 volume = {5},
 year = {2007},
 isbn = {13: 978-0-471-48648-0},
 publisher = {John Wiley \& Sons}
 }

@book{XP,
 author = {Beck, Kent },
 title = {Extreme Programming Explained},
 volume = {},
 year = {2000},
 isbn = {},
 publisher = {Addison Wesley}
 }

@misc{ScrumGuide,
	Author = {Schwaber, Ken and  Sutherland, Jeff},
	Howpublished = {http://www.scrum.org/storage/scrumguides/Scrum\_Guide.pdf},
	Key = {Scrum},
	Title = {The Scrum Guide},
	Bdsk-Url-1 = {http://www.scrum.org/storage/scrumguides/Scrum\_Guide.pdf}
}

@book{gof94,
	Author = {Gamma, Erich and Helm, Richard and Johnson, Ralph and Vlissides, John M.},
	Date-Added = {2008-08-18 15:48:47 +0200},
	Date-Modified = {2008-08-18 15:48:47 +0200},
	Isbn = {978-0201633610},
	Month = {november},
	Publisher = {Addison-Wesley Professional},
	Series = {Computing Series},
	Title = {Design Patterns: Elements of Reusable Object-Oriented Software},
	Year = {1994}
}
@misc{contact12a,
	Author = {Natali, Antonio},
	Howpublished = {http://edu222/....pdf},
	Key = {Contact},
	Title = {Introduction to the usage of Contact},
	Bdsk-Url-1 = {http://edu222/....pdf}
}

@article{gelernter85toplas,
	Author = {Gelernter, David},
	Date-Added = {2008-08-18 15:48:47 +0200},
	Date-Modified = {2008-10-21 01:03:21 +0200},
	Journal = {ACM Transactions on Programming Languages and Systems},
	Month = jan,
	Number = 1,
	Pages = {80--112},
	Title = {Generative communication in {L}inda},
	Volume = 7,
	Year = 1985
}

@misc{jms,
	Author = {Sun},
	Howpublished = {\\http://java.sun.com/products/jms/},
	Key = {JMS},
	Title = {{JMS} Home Page},
	Bdsk-Url-1 = {http://java.sun.com/products/jms/}
}
